@article{cif,
author = {Floratou, Avrilia and Patel, Jignesh M. and Shekita, Eugene J. and Tata, Sandeep},
title = {Column-oriented Storage Techniques for MapReduce},
journal = {PVLDB},
volume = {4},
number = {7},
year = {2011},
pages = {419--429},
}

@article{elephants,
author = {Avrilia Floratou and
Nikhil Teletia and
David J. DeWitt and
Jignesh M. Patel and
Donghui Zhang},
title = {Can the Elephants Handle the NoSQL Onslaught?},
journal = {PVLDB},
volume = {5},
number = {12},
year = {2012},
pages = {1712-1723}
}

@Comment pages = {922--933}
@Comment volume = {2},
@Comment number = {1},
@article{hadoopdb,
author = {Abouzeid, Azza and Bajda-Pawlikowski, Kamil and Abadi, Daniel J. and Rasin, Alexander and Silberschatz, Avi},
title = "{HadoopDB: An Architectural Hybrid of MapReduce and DBMS Technologies for Analytical Workloads}",
journal = {PVLDB},
year = {2009},
}

@article{colDBsvldb2009,
author = {Abadi, Daniel J. and Boncz, Peter A. and Harizopoulos, Stavros},
title = {Column oriented Database Systems},
journal = {PVLDB},
volume = {2},
number = {2},
year = {2009},
pages = {1664-1665}
}

@inproceedings{c-store,
author = {Stonebraker, Michael and Abadi, Daniel J. and Batkin, Adam and Chen, Xuedong and Cherniack, Mitch and Ferreira, Miguel and Lau, Edmond and Lin, Amerson and Madden, Sam and O'Neil, Elizabeth and O'Neil, Pat and Rasin, Alex and Tran, Nga and Zdonik, Stan},
title = {C-Store: A Column-oriented DBMS},
booktitle = {PVLDB},
year = 2005,
pages = {553--564}
}

@inproceedings{guido_vldb98,
author = {Moerkotte, Guido},
title = {Small Materialized Aggregates: A Light Weight Index Structure for Data Warehousing},
booktitle = {PVLDB},
year = 1998,
pages = {476--487}
}

@inproceedings{polybase,
author = {DeWitt, David J. and
Rimma V. Nehme and
Srinath Shankar and
Josep Aguilar-Saborit and
Artin Avanes and
Miro Flasza and
Jim Gramling},
title = {Split Query Processing in Polybase},
booktitle = {ACM SIGMOD},
year = 2013,
pages = {1255--1266}
}

@article{acm10,
author = {Stonebraker, Michael and Abadi, Daniel J. and DeWitt, David J. and Madden, Samuel and Paulson, Erik and Pavlo, Andrew and Rasin, Alexandar},
title = {MapReduce and parallel DBMSs: friends or foes?},
journal = {CACM},
volume = {53},
number = {1},
year = {2010},
pages = {64--71},
}

@MISC{mysql,
key = {mysql},
title={MySQL},
howpublished = {\url {http://www.mysql.com/}}
}

@MISC{tpcdsblog,
key = {tpcdsblog},
title={{TPC-DS} like Workload on Impala},
howpublished = {\url {http://blog.cloudera.com/blog/2014/01/impala-performance-dbms-class-speed/}}
}

@MISC{tpcds,
key = {tpcds},
title = {The {TPC-DS} Benchmark},
howpublished = {\url {http://www.tpc.org/tpcds/}}
}

@MISC{tpcdskit,
key = {tpcdskit},
title={Impala TPC-DS kit},
howpublished = {\url {https://github.com/cloudera/impala-tpcds-kit}}
}

@MISC{nmon,
key = {Nmon},
title = {Nmon Performance Tool},
howpublished = {\url {http://nmon.sourceforge.net/pmwiki.php}}
}

@MISC{tpch,
key = {tpch},
title = {The {TPC-H} Benchmark},
howpublished = {\url {http://www.tpc.org/tpch/}}
}

@MISC{tpchHive,
title = {{TPC-H} scripts for Hive},
howpublished = {\url {https://issues.apache.org/jira/browse/HIVE-600}}
}
@MISC{tpchImpala,
title = {{TPC-H} scripts for Impala},
howpublished = {\url {https://github.com/kj-ki/tpc-h-impala}}
}

@MISC{apacheHive,
key = {apacheHive},
title = {Apache Hive},
howpublished = {\url {http://hive.apache.org/}}
}

@MISC{codegen,
title = {Runtime Code Generation in Impala},
howpublished = {\url {http://blog.cloudera.com/blog/2013/02/inside-cloudera-impala-runtime-code-generation/}}
}

@MISC{clouderaImpala,
key = {clouderaImpala},
title = {Cloudera Impala},
howpublished = {\url {http://www.cloudera.com/content/cloudera/en/products-and-services/cdh/impala.html}}
}

@MISC{apacheHadoop,
key = {apacheHadoop},
title = {Apache Hadoop},
howpublished = {\url {http://hadoop.apache.org/}}
}

@MISC{apacheShark,
key = {apacheShark},
title = {Apache Shark},
howpublished = {\url {http://shark.cs.berkeley.edu/}}
}

@MISC{tajo,
key = {Tajo},
title = {Tajo},
howpublished = {\url {http://tajo.incubator.apache.org/}}
}

@misc{impala,
key = "Impala",
title = "Impala",
howpublished = {\url{github.com/cloudera/impala}}
}

@MISC{presto,
key = {Presto},
title = {Presto},
howpublished = {\url {http://prestodb.io/}}
}

@MISC{maprDrill,
key = {apacheDrill},
title = {Apache Drill},
howpublished = {\url {http://www.mapr.com/resources/community-resources/apache-drill}}
}

@MISC{apacheSpark,
key = {apacheSpark},
title = {Apache Spark},
howpublished = {\url {https://spark.incubator.apache.org/}}
}

@MISC{hiveOnSpark,
key = {hiveOnSpark},
title = {Hive on Spark},
howpublished = {\url {https://cwiki.apache.org/confluence/display/Hive/Hive+on+Spark}}
}

@MISC{trevni,
key = {trevni},
title = {Trevni Columnar Format},
howpublished = {\url {http://avro.apache.org/docs/1.7.6/trevni/spec.html}}
}

@MISC{tez,
key = {apacheTez},
title = {Apache Tez},
howpublished = {\url {http://hortonworks.com/hadoop/tez/}}
}

@inproceedings{tezsigmod15,
 author = {Bikas Saha and Hitesh Shah and Siddharth Seth and Gopal Vijayaraghavan and Arun Murthy and Carlo Curino},
 title = {Apache {Tez}: A Unifying Framework for Modeling and Building Data Processing Applications},
 booktitle = {ACM SIGMOD},
  year = {2015},
}

 @Comment booktitle = {Proceedings of the 2014 ACM SIGMOD International Conference on Management of Data},
 @Comment series = {SIGMOD '14},
 @Comment year = {2014},
 @Comment pages = {1223--1234},
@inproceedings{hawq,
 author = {Chang, Lei and Wang, Zhanwei and Ma, Tao and Jian, Lirong and Ma, Lili and Goldshuv, Alon and Lonergan, Luke and Cohen, Jeffrey and Welton, Caleb and Sherry, Gavin and Bhandarkar, Milind},
 title = {{HAWQ}: A Massively Parallel Processing {SQL} Engine in Hadoop},
 booktitle = {SIGMOD},
 year = {2014},
} 

 @Comment booktitle = {Proceedings of the 2011 ACM SIGMOD International Conference on Management of Data},
 @Comment series = {SIGMOD '11},
 @Comment year = {2011},
 @Comment location = {Athens, Greece},
 @Comment pages = {1165--1176},
@inproceedings{split-execution,
 author = {Bajda-Pawlikowski, Kamil and Abadi, Daniel J. and Silberschatz, Avi and Paulson, Erik},
 title = {Efficient Processing of Data Warehousing Queries in a Split Execution Environment},
 booktitle = {SIGMOD},
 year = {2011},
} 

@article{pax,
author = {Anastassia Ailamaki and DeWitt, David J. and Hill, Mark D.},
title = {Data page layouts for relational databases on deep memory
hierarchies},
journal = {VLDB J.},
volume = {11},
number = {3},
year = {2002},
pages = {198-215},
ee = {http://dx.doi.org/10.1007/s00778-002-0074-9},
bibsource = {DBLP, http://dblp.uni-trier.de}
}

 @Comment booktitle = {Proceedings of the 16th International Conference on Extending Database Technology},
 @Comment series = {EDBT '13},
 @Comment year = {2013},
 @Comment location = {Genoa, Italy},
 @Comment pages = {1--10},
@inproceedings{invisible-loading,
 author = {Abouzied, Azza and Abadi, Daniel J. and Silberschatz, Avi},
 title = {Invisible Loading: Access-driven Data Transfer from Raw Files into Database Systems},
 booktitle = {EDBT},
 year = {2013},
} 

@inproceedings{sharksigmod13,
author = {Xin, Reynold S. and Rosen, Josh and Zaharia, Matei and Franklin, Michael J. and Shenker, Scott and Stoica, Ion},
title = {Shark: {SQL} and Rich Analytics at Scale},
booktitle = {ACM SIGMOD},
year = {2013},
}

@inproceedings{mohan13,
author = {C. Mohan},
title = "{History Repeats Itself: Sensible and NonsenSQL Aspects of the NoSQL Hoopla}",
booktitle = {EDBT},
year = {2013}
}

@Misc{aslett11,
author ={M. Aslett},
title = "{How Will the Database Incumbents Respond to NoSQL and NewSQL?}",
HOWPUBLISHED = "{The 451 Group}",
year = 2011
}

@inproceedings{newsql,
author = "{Michael Stonebraker and Samuel Madden and Daniel J. Abadi and Stavros Harizopoulos and Nabil Hachem and Pat Helland}",
title = "{The End of an Architectural Era (It's Time for a Complete Rewrite)}",
booktitle = {VLDB},
year = 2007,
pages = {1150-1160}
}

@inproceedings{rcfile,
author = {Yongqiang He and Lee, Rubao and Huai, Yin and Shao, Zheng and Jain, Namit and Zhang, Xiaodong and Xu, Zhiwei},
title = {RCFile: A fast and space-efficient data placement structure
in MapReduce-based warehouse systems},
booktitle = {ICDE},
year = {2011},
pages = {1199-1208},
ee = {http://doi.ieeecomputersociety.org/10.1109/ICDE.2011.5767933}
}

@inproceedings{hive,
author = {Ashish Thusoo and
Joydeep Sen Sarma and
Namit Jain and
Zheng Shao and
Prasad Chakka and
Ning Zhang and
Suresh Anthony and
Hao Liu and
Raghotham Murthy},
title = "{Hive - A Petabyte Scale Data Warehouse Using Hadoop}",
booktitle = {ICDE},
year = {2010},
}

@article{googleDremel,
author = {Melnik, Sergey and Gubarev, Andrey and Long, Jing Jing and Romer, Geoffrey and Shivakumar, Shiva and Tolton, Matt and Vassilakis, Theo},
title = {Dremel: Interactive Analysis of Web-scale Datasets},
journal = {PVLDB},
issue_date = {September 2010},
volume = {3},
number = {1-2},
year = {2010},
pages = {330--339}
}

@inproceedings{ysmart,
author = {Rubao Lee and
Tian Luo and
Yin Huai and
Fusheng Wang and
Yongqiang He and
Xiaodong Zhang},
title = {YSmart: Yet Another {SQL-to-MapReduce} Translator},
booktitle = {ICDCS},
year = {2011},
pages = {25-36},
ee = {http://dx.doi.org/10.1109/ICDCS.2011.26}
}

@article{tableplacement2013,
author = {Huai, Yin and Ma, Siyuan and Lee, Rubao and O'Malley, Owen and Zhang, Xiaodong},
title = {Understanding Insights into the Basic Structure and Essential Issues of Table Placement Methods in Clusters},
journal = {PVLDB},
volume = {6},
number = {14},
year = {2013},
issn = {2150-8097},
pages = {1750--1761},
numpages = {12},
url = {http://dl.acm.org/citation.cfm?id=2556549.2556559},
acmid = {2556559},
publisher = {VLDB Endowment},
}

@inproceedings{winmagic,
author = {Calisto Zuzarte and
Hamid Pirahesh and
Wenbin Ma and
Qi Cheng and
Linqi Liu and
Kwai Wong},
title = {{WinMagic} : Subquery Elimination Using Window Aggregation},
booktitle = {ACM SIGMOD},
year = {2003},
}

@inproceedings{pirahesh96,
author = {Praveen Seshadri and
Hamid Pirahesh and
T. Y. Cliff Leung},
title = {Complex Query Decorrelation},
booktitle = {ICDE},
year = {1996},
}

@misc{bigsql,
author = {Scott Gray and Fatma {\"O}zcan and Hebert Pereyra and Bert van der Linden and Adriana Zubiri},
title= "{IBM Big SQL 3.0: SQL-on-Hadoop without compromise}",
HOWPUBLISHED= {\url{http://public.dhe.ibm.com/common/ssi/ecm/en/sww14019usen/SWW14019USEN.PDF}},
year = 2014,
}

@inproceedings{Kornacker+15,
author={Marcel Kornacker and Alexander Behm and Victor Bittorf and Taras Bobrovytsky and Casey Ching and Alan Choi and Justin Erickson and Martin Grund and Daniel Hecht and Matthew Jacobs and Ishaan Joshi and Lenni Kuff and Dileep Kumar and Alex Leblang and Nong Li and Ippokratis Pandis and Henry Robinson and David Rorke and Silvius Rus and John Russell and Dimitris Tsirogiannis and Skye Wanderman-Milne and Michael Yoder},
title={Impala: A Modern, Open-Source {SQL} Engine for {Hadoop}},
booktitle = {CIDR},
year = {2015},
}

 @Comment booktitle = {Proceedings of the 2Nd USENIX Conference on Hot Topics in Cloud Computing},
 @Comment series = {HotCloud'10},
 @Comment year = {2010},
 @Comment location = {Boston, MA},
 @Comment pages = {10--10},
 @Comment numpages = {1},
 @Comment url = {http://dl.acm.org/citation.cfm?id=1863103.1863113},
 @Comment acmid = {1863113},
 @Comment publisher = {USENIX Association},
 @Comment address = {Berkeley, CA, USA},
@inproceedings{sparkhotcloud10,
 author = {Zaharia, Matei and Chowdhury, Mosharaf and Franklin, Michael J. and Shenker, Scott and Stoica, Ion},
 title = {Spark: Cluster Computing with Working Sets},
 booktitle = {HotCloud},
 year = {2010},
}

@inproceedings{sparkSQL,
 author = {Michael Amburst and Reynold S. Xin and Cheng Lian and Yin Huai and Davies Liu and Joseph K. Bradley and Xiangrui Meng and Tomer Kaftan and Michael J. Franklin and Ali Ghodsi and Matei Zaharia},
 title = {Spark {SQL}: Relational Data Processing in {Spark}},
 booktitle = {ACM SIGMOD},
 year = 2015,
}

@MISC{drill,
key = {apacheDrill},
title = "{Apache Drill}",
howpublished = {\url {http://drill.apache.org/}}
}

@misc{bigDataSQL,
 key = {Oracle Big Data SQL},
 title = {Unified Query for Big Data Management Systems},
 note = {Oracle White Paper},
 year = 2015,
}

@misc{queryGrid,
 key = {TeraData Query Grid},
 title = {TeraData Query Grid},
 howpublished = {\url {http://www.teradata.com/Teradata-QueryGrid/#tabbable=0&tab1=0&tab2=0}},
}

@MISC{phoenix,
key = {apachePhenix},
title = "{Apache Phoenix}",
howpublished = {\url {http://phoenix.apache.org/}}
}

@misc{splice,
 key = {Splice Machine},
 title = {Splice Machine},
 howpublished = {\url {http://www.splicemachine.com/}},
}

 @Comment booktitle = {Proceedings of the 2011 ACM SIGMOD International Conference on Management of Data},
 @Comment series = {SIGMOD '11},
 @Comment year = {2011},
 @Comment isbn = {978-1-4503-0661-4},
 @Comment location = {Athens, Greece},
 @Comment pages = {1161--1164},
 @Comment numpages = {4},
 @Comment url = {http://doi.acm.org/10.1145/1989323.1989446},
 @Comment doi = {10.1145/1989323.1989446},
 @Comment acmid = {1989446},
 @Comment publisher = {ACM},
 @Comment address = {New York, NY, USA},
@inproceedings{ibm-sigmod2011,
 author = {\"{O}zcan, Fatma and Hoa, David and Beyer, Kevin S. and Balmin, Andrey and Liu, Chuan Jie and Li, Yu},
 title = {Emerging Trends in the Enterprise Data Analytics: Connecting {Hadoop and DB2} Warehouse},
 booktitle = {ACM SIGMOD},
 year = {2011},
} 

@inproceedings{AilamakiDHS01,
 author = {Ailamaki, Anastasia and 
  {DeWitt}, David J. and 
  Hill, Mark D. and 
  Skounakis, Marios},
 title = {Weaving relations for cache performance},
 booktitle = {VLDB},
 year = {2001},
}

@inproceedings{PadmanabhanMAJ01,
 author = {Padmanabhan, Sriram and 
  Malkemus, Timothy and 
  Agarwal, Ramesh C. and 
  Jhingran, Anant},
 title = {Block Oriented Processing of Relational Database Operations in Modern Computer Architectures},
 booktitle = {ICDE},
 year = {2001}
}

@inproceedings{Graefe90,
 author = {Graefe, Goetz},
 title = {Encapsulation of parallelism in the {Volcano} query processing system},
 booktitle = {SIGMOD},
 year = {1990},
} 


@misc{hdfs:caching,
 author={Apache},
 title={Centralized Cache Management in {HDFS}},
 note={Available at https://hadoop.apache.org/docs/r2.3.0/hadoop-project-dist/hadoop-hdfs/CentralizedCacheManagement.html},
}

@misc{hdfs:shortcircuit,
 author={Apache},
 title={{HDFS} Short-Circuit Local Reads},
 note={Available at http://hadoop.apache.org/docs/r2.5.1/hadoop-project-dist/hadoop-hdfs/ShortCircuitLocalReads.html},
}

@ARTICLE{WandermanL14,
 author = {Skye Wanderman-Milne and Nong Li},
 title = {Runtime Code Generation in {Cloudera Impala}},
 journal = "IEEE Data Eng. Bull.",
 year = {2014},
}

@misc{prestofcb,
 author = {Martin Traverso},
 title = {Presto: Interacting with petabytes of data at {Facebook}},
 howpublished = {https://www.facebook.com/notes/facebook-engineering/presto-interacting-with-petabytes-of-data-at-facebook/10151786197628920},
}

@misc{vortex,
 author = {Peter Boncz},
 title = "{Vortex: Vectorwise goes Hadoop}",
 howpublished = {http://databasearchitects.blogspot.com/2014/05/vectorwise-goes-hadoop.html},
}